@book{KLM,
    author = {Janssen-Sieben, Ria and van Winter, Johanna M.},
    citeulike-article-id = {14655298},
    keywords = {middleages},
    posted-at = {2018-11-13 16:50:53},
    priority = {2},
    title = {{De  keuken  van  de  late  middeleeuwen}},
    year = {1998}
}

@book{UB1035,
    author = {Muusers, Christianne},
    citeulike-article-id = {14655296},
    day = {13},
    keywords = {middleages},
    month = aug,
    posted-at = {2018-11-13 16:48:19},
    priority = {2},
    publisher = {https://coquinaria.nl/kooktekst/Edelikespijse0.htm},
    title = {{UB 1035, Wel ende Edelicke Spijse}},
    year = {2018}
}

@book{KANTL15,
    author = {Muusers, Christianne},
    citeulike-article-id = {14655295},
    day = {13},
    keywords = {middleages},
    month = aug,
    posted-at = {2018-11-13 16:44:01},
    priority = {2},
    publisher = {https://coquinaria.nl/kooktekst/KA15Gent02.htm},
    title = {KANTL15},
    year = {2018}
}

@book{Magirus,
    author = {Jozef Schildermans, Hilde S.},
    citeulike-article-id = {14655293},
    keywords = {middleages},
    month = may,
    posted-at = {2018-11-13 16:41:17},
    priority = {2},
    publisher = {Davidsfonds, Leuven},
    title = {{Lieve schat,wat  vind  je  lekker? Het  Koocboec  van  Antonius  Magirus  (1612)  en  deItaliaanse keuken van de renaissance}},
    year = {2010}
}

@book{NB,
    author = {Van Cammeren, Willy},
    citeulike-article-id = {14655290},
    keywords = {middleages},
    month = nov,
    posted-at = {2018-11-13 16:39:38},
    priority = {2},
    publisher = {http://users.telenet.be/willy.vancammeren/NBC/index.htm},
    title = {{Een notabel boecxken van cokeryen}},
    year = {2001}
}

@book{cb1593,
    address = {Dordrecht},
    author = {Battus, Carolus},
    citeulike-article-id = {14655289},
    keywords = {middleages},
    posted-at = {2018-11-13 16:35:09},
    priority = {2},
    publisher = {Carolus Battus},
    title = {{Eenen seer schoonen ende excellentenCocboeck}},
    year = {1593}
}

@book{cb,
    author = {Willebrands, Marleen},
    citeulike-article-id = {14655288},
    day = {15},
    keywords = {middleages},
    location = {http://www.kookhistorie.nl/cb/index\_cb.htm,},
    month = oct,
    posted-at = {2018-11-13 16:35:02},
    priority = {2},
    title = {{Eenen seer schoonen ende excellenten
Cocboeck}},
    year = {2002}
}

@book{hp,
    author = {Willebrands, Marleen},
    citeulike-article-id = {14655287},
    day = {13},
    keywords = {middleages},
    location = {http://www.kookhistorie.nl/HP/index\_hp.htm},
    month = oct,
    posted-at = {2018-11-13 16:32:25},
    priority = {2},
    title = {{De hoofsche pasteybacker}},
    year = {2015}
}

@book{vk,
    abstract = {{Deze kritische tekstuitgave is gebaseerd op het exemplaar van De verstandige kock uit de eerste druk van Het vermakelijck landtleven uit 1669. Dit exemplaar wordt bewaard in museum De Waag te Deventer.
Dit is de derde herziene druk van De verstandige kock. 
De eerste druk dateert uit 1667, de tweede uit 1668. Die twee drukken verschillen onderling flink van elkaar. Daarnaast wijken ze ook sterk af van de druk uit 1669. 
In het jaar 1669 vindt het kookboek zijn definitieve vorm en blijft het dezelfde recepten bieden tot en met de laatste druk in 1802.}},
    author = {Willebrands, Marleen},
    citeulike-article-id = {14654971},
    keywords = {middleages},
    posted-at = {2018-11-12 17:08:12},
    priority = {2},
    publisher = {http://www.kookhistorie.nl/VK/transcriptie.htm},
    title = {{De verstandige kock of sorghvuldige huyshoudste}},
    year = {2002}
}

@book{pasteybacker,
    citeulike-article-id = {14654970},
    keywords = {middleages},
    location = {Amsterdam},
    posted-at = {2018-11-12 17:05:30},
    priority = {2},
    publisher = {Cornelis Jansz., boeckverkooper op den Dam, in Mercurius},
    series = {VK},
    title = {{De hoofsche pasteybacker}},
    year = {1669}
}

@book{verstandigekock1667,
    citeulike-article-id = {14654969},
    keywords = {middleages},
    location = {Amsterdam},
    posted-at = {2018-11-12 17:04:10},
    priority = {2},
    publisher = {Marcus Willemszoon Doornick},
    series = {VK},
    title = {{De verstandige kock of sorghvuldige huyshoudste}},
    year = {1667}
}

@book{verstandigekock,
    author = {van Aengelen, Pieter},
    citeulike-article-id = {14654968},
    keywords = {middleages},
    location = {Amsterdam},
    posted-at = {2018-11-12 17:02:17},
    priority = {2},
    publisher = {Marcus Willemszoon Doornick},
    series = {VK},
    title = {{De verstandige kock of sorghvuldige huyshoudste}},
    year = {1669}
}

